
@article{dumoulin2018feature-wise,
  author = {Dumoulin, Vincent and Perez, Ethan and Schucher, Nathan and Strub, Florian and Vries, Harm de and Courville, Aaron and Bengio, Yoshua},
  title = {Feature-wise transformations},
  journal = {Distill},
  year = {2018},
  note = {https://distill.pub/2018/feature-wise-transformations},
  doi = {10.23915/distill.00011}
}
